@article{yu2020rc,
  title={RC Circuits based Distributed Conditional Gradient Method},
  author={Yu, Yue and A{\c{c}}{\i}kme{\c{s}}e, Beh{\c{c}}et},
  journal={arXiv preprint arXiv:2003.06949},
  year={2020}
}
@article{bolte2014proximal,
  title={Proximal alternating linearized minimization for nonconvex and nonsmooth problems},
  author={Bolte, J{\'e}r{\^o}me and Sabach, Shoham and Teboulle, Marc},
  journal={Mathematical Programming},
  volume={146},
  number={1},
  pages={459--494},
  year={2014},
  publisher={Springer}
}
@article{li2018calculus,
  title={Calculus of the exponent of Kurdyka--{\L}ojasiewicz inequality and its applications to linear convergence of first-order methods},
  author={Li, Guoyin and Pong, Ting Kei},
  journal={Foundations of computational mathematics},
  volume={18},
  number={5},
  pages={1199--1232},
  year={2018},
  publisher={Springer}
}
@article{bauschke1999strong,
  title={Strong conical hull intersection property, bounded linear regularity, Jamesonâ€™s property (G), and error bounds in convex optimization},
  author={Bauschke, Heinz H and Borwein, Jonathan M and Li, Wu},
  journal={Mathematical Programming},
  volume={86},
  pages={135--160},
  year={1999},
  publisher={Springer}
}